<?xml version="1.0" encoding="UTF-8"?><collection xmlns="http://www.loc.gov/MARC21/slim"><record><leader>00513nam--2200181-i-4500</leader><controlfield tag="001">000026775</controlfield><controlfield tag="002">20161230</controlfield><controlfield tag="005">20161230201036</controlfield><controlfield tag="008">060222s1000------------r-----000-0-eng-d</controlfield><datafield ind1=" " ind2=" " tag="020"><subfield code="a">047110194X</subfield></datafield><datafield ind1=" " ind2=" " tag="040"><subfield code="a">IFIN-HH</subfield></datafield><datafield ind1=" " ind2=" " tag="080"><subfield code="a">539.2:548</subfield></datafield><datafield ind1="1" ind2=" " tag="100"><subfield code="a">Kleman, M</subfield></datafield><datafield ind1="1" ind2="0" tag="245"><subfield code="a">Points, lines and walls</subfield><subfield code="b">In liquid crystals, magnetic systems and various ordered media</subfield><subfield code="c">M. kleman</subfield></datafield><datafield ind1=" " ind2=" " tag="260"><subfield code="a">Chichester</subfield><subfield code="b">John Wiley &amp; Sons</subfield><subfield code="c">1983</subfield></datafield><datafield ind1=" " ind2=" " tag="300"><subfield code="a">XVI + 322P</subfield></datafield><datafield ind1=" " ind2=" " tag="852"><subfield code="a">72470</subfield><subfield code="c">539.2</subfield></datafield><datafield ind1=" " ind2=" " tag="CAT"><subfield code="a">Sys</subfield><subfield code="c">20121108</subfield><subfield code="h">123024</subfield></datafield></record></collection>